%YAML 1.1
%TAG !u! tag:unity3d.com,2011:
--- !u!29 &1
SceneSettings:
  m_ObjectHideFlags: 0
  m_PVSData: 
  m_PVSObjectsArray: []
  m_PVSPortalsArray: []
  m_OcclusionBakeSettings:
    smallestOccluder: 5
    smallestHole: 0.25
    backfaceThreshold: 100
--- !u!104 &2
RenderSettings:
  m_ObjectHideFlags: 0
  serializedVersion: 6
  m_Fog: 0
  m_FogColor: {r: 0.5, g: 0.5, b: 0.5, a: 1}
  m_FogMode: 3
  m_FogDensity: 0.01
  m_LinearFogStart: 0
  m_LinearFogEnd: 300
  m_AmbientSkyColor: {r: 0.212, g: 0.227, b: 0.259, a: 1}
  m_AmbientEquatorColor: {r: 0.114, g: 0.125, b: 0.133, a: 1}
  m_AmbientGroundColor: {r: 0.047, g: 0.043, b: 0.035, a: 1}
  m_AmbientIntensity: 1
  m_AmbientMode: 3
  m_SkyboxMaterial: {fileID: 0}
  m_HaloStrength: 0.5
  m_FlareStrength: 1
  m_FlareFadeSpeed: 3
  m_HaloTexture: {fileID: 0}
  m_SpotCookie: {fileID: 10001, guid: 0000000000000000e000000000000000, type: 0}
  m_DefaultReflectionMode: 0
  m_DefaultReflectionResolution: 128
  m_ReflectionBounces: 1
  m_ReflectionIntensity: 1
  m_CustomReflection: {fileID: 0}
  m_Sun: {fileID: 0}
--- !u!157 &4
LightmapSettings:
  m_ObjectHideFlags: 0
  serializedVersion: 6
  m_GIWorkflowMode: 1
  m_LightmapsMode: 1
  m_GISettings:
    serializedVersion: 2
    m_BounceScale: 1
    m_IndirectOutputScale: 1
    m_AlbedoBoost: 1
    m_TemporalCoherenceThreshold: 1
    m_EnvironmentLightingMode: 0
    m_EnableBakedLightmaps: 0
    m_EnableRealtimeLightmaps: 0
  m_LightmapEditorSettings:
    serializedVersion: 3
    m_Resolution: 2
    m_BakeResolution: 40
    m_TextureWidth: 1024
    m_TextureHeight: 1024
    m_AOMaxDistance: 1
    m_Padding: 2
    m_CompAOExponent: 0
    m_LightmapParameters: {fileID: 0}
    m_TextureCompression: 1
    m_FinalGather: 0
    m_FinalGatherRayCount: 1024
    m_ReflectionCompression: 2
  m_LightingDataAsset: {fileID: 0}
  m_RuntimeCPUUsage: 25
--- !u!196 &5
NavMeshSettings:
  serializedVersion: 2
  m_ObjectHideFlags: 0
  m_BuildSettings:
    serializedVersion: 2
    agentRadius: 0.5
    agentHeight: 2
    agentSlope: 45
    agentClimb: 0.4
    ledgeDropHeight: 0
    maxJumpAcrossDistance: 0
    accuratePlacement: 0
    minRegionArea: 2
    cellSize: 0.16666667
    manualCellSize: 0
  m_NavMeshData: {fileID: 0}
--- !u!1 &304756295
GameObject:
  m_ObjectHideFlags: 0
  m_PrefabParentObject: {fileID: 0}
  m_PrefabInternal: {fileID: 0}
  serializedVersion: 4
  m_Component:
  - 4: {fileID: 304756299}
  - 114: {fileID: 304756298}
  - 114: {fileID: 304756297}
  - 114: {fileID: 304756296}
  m_Layer: 0
  m_Name: EventSystem
  m_TagString: Untagged
  m_Icon: {fileID: 0}
  m_NavMeshLayer: 0
  m_StaticEditorFlags: 0
  m_IsActive: 1
--- !u!114 &304756296
MonoBehaviour:
  m_ObjectHideFlags: 0
  m_PrefabParentObject: {fileID: 0}
  m_PrefabInternal: {fileID: 0}
  m_GameObject: {fileID: 304756295}
  m_Enabled: 1
  m_EditorHideFlags: 0
  m_Script: {fileID: 1997211142, guid: f5f67c52d1564df4a8936ccd202a3bd8, type: 3}
  m_Name: 
  m_EditorClassIdentifier: 
  m_ForceModuleActive: 0
--- !u!114 &304756297
MonoBehaviour:
  m_ObjectHideFlags: 0
  m_PrefabParentObject: {fileID: 0}
  m_PrefabInternal: {fileID: 0}
  m_GameObject: {fileID: 304756295}
  m_Enabled: 1
  m_EditorHideFlags: 0
  m_Script: {fileID: 1077351063, guid: f5f67c52d1564df4a8936ccd202a3bd8, type: 3}
  m_Name: 
  m_EditorClassIdentifier: 
  m_HorizontalAxis: Horizontal
  m_VerticalAxis: Vertical
  m_SubmitButton: Submit
  m_CancelButton: Cancel
  m_InputActionsPerSecond: 10
  m_RepeatDelay: 0.5
  m_ForceModuleActive: 0
--- !u!114 &304756298
MonoBehaviour:
  m_ObjectHideFlags: 0
  m_PrefabParentObject: {fileID: 0}
  m_PrefabInternal: {fileID: 0}
  m_GameObject: {fileID: 304756295}
  m_Enabled: 1
  m_EditorHideFlags: 0
  m_Script: {fileID: -619905303, guid: f5f67c52d1564df4a8936ccd202a3bd8, type: 3}
  m_Name: 
  m_EditorClassIdentifier: 
  m_FirstSelected: {fileID: 0}
  m_sendNavigationEvents: 1
  m_DragThreshold: 15
--- !u!4 &304756299
Transform:
  m_ObjectHideFlags: 0
  m_PrefabParentObject: {fileID: 0}
  m_PrefabInternal: {fileID: 0}
  m_GameObject: {fileID: 304756295}
  m_LocalRotation: {x: 0, y: 0, z: 0, w: 1}
  m_LocalPosition: {x: 0, y: 0, z: 0}
  m_LocalScale: {x: 1, y: 1, z: 1}
  m_LocalEulerAnglesHint: {x: 0, y: 0, z: 0}
  m_Children: []
  m_Father: {fileID: 0}
  m_RootOrder: 2
--- !u!1 &886061072
GameObject:
  m_ObjectHideFlags: 0
  m_PrefabParentObject: {fileID: 0}
  m_PrefabInternal: {fileID: 0}
  serializedVersion: 4
  m_Component:
  - 4: {fileID: 886061074}
  - 114: {fileID: 886061073}
  m_Layer: 0
  m_Name: GlobalMessage
  m_TagString: Untagged
  m_Icon: {fileID: 0}
  m_NavMeshLayer: 0
  m_StaticEditorFlags: 0
  m_IsActive: 1
--- !u!114 &886061073
MonoBehaviour:
  m_ObjectHideFlags: 0
  m_PrefabParentObject: {fileID: 0}
  m_PrefabInternal: {fileID: 0}
  m_GameObject: {fileID: 886061072}
  m_Enabled: 1
  m_EditorHideFlags: 0
  m_Script: {fileID: 11500000, guid: 4b53a00ff97a042ff91e9297fc20062f, type: 3}
  m_Name: 
  m_EditorClassIdentifier: 
--- !u!4 &886061074
Transform:
  m_ObjectHideFlags: 0
  m_PrefabParentObject: {fileID: 0}
  m_PrefabInternal: {fileID: 0}
  m_GameObject: {fileID: 886061072}
  m_LocalRotation: {x: 0, y: 0, z: 0, w: 1}
  m_LocalPosition: {x: 0, y: 0, z: 0}
  m_LocalScale: {x: 1, y: 1, z: 1}
  m_LocalEulerAnglesHint: {x: 0, y: 0, z: 0}
  m_Children: []
  m_Father: {fileID: 0}
  m_RootOrder: 5
--- !u!1 &912999957
GameObject:
  m_ObjectHideFlags: 0
  m_PrefabParentObject: {fileID: 0}
  m_PrefabInternal: {fileID: 0}
  serializedVersion: 4
  m_Component:
  - 4: {fileID: 912999962}
  - 20: {fileID: 912999961}
  - 124: {fileID: 912999960}
  - 92: {fileID: 912999959}
  - 81: {fileID: 912999958}
  - 114: {fileID: 912999963}
  m_Layer: 0
  m_Name: Camera
  m_TagString: MainCamera
  m_Icon: {fileID: 0}
  m_NavMeshLayer: 0
  m_StaticEditorFlags: 0
  m_IsActive: 1
--- !u!81 &912999958
AudioListener:
  m_ObjectHideFlags: 0
  m_PrefabParentObject: {fileID: 0}
  m_PrefabInternal: {fileID: 0}
  m_GameObject: {fileID: 912999957}
  m_Enabled: 1
--- !u!92 &912999959
Behaviour:
  m_ObjectHideFlags: 0
  m_PrefabParentObject: {fileID: 0}
  m_PrefabInternal: {fileID: 0}
  m_GameObject: {fileID: 912999957}
  m_Enabled: 1
--- !u!124 &912999960
Behaviour:
  m_ObjectHideFlags: 0
  m_PrefabParentObject: {fileID: 0}
  m_PrefabInternal: {fileID: 0}
  m_GameObject: {fileID: 912999957}
  m_Enabled: 1
--- !u!20 &912999961
Camera:
  m_ObjectHideFlags: 0
  m_PrefabParentObject: {fileID: 0}
  m_PrefabInternal: {fileID: 0}
  m_GameObject: {fileID: 912999957}
  m_Enabled: 1
  serializedVersion: 2
  m_ClearFlags: 2
  m_BackGroundColor: {r: 0.19215687, g: 0.3019608, b: 0.4745098, a: 0.019607844}
  m_NormalizedViewPortRect:
    serializedVersion: 2
    x: 0
    y: 0
    width: 1
    height: 1
  near clip plane: 0.3
  far clip plane: 20
  field of view: 60
  orthographic: 1
  orthographic size: 3.6
  m_Depth: -1
  m_CullingMask:
    serializedVersion: 2
    m_Bits: 4294967295
  m_RenderingPath: -1
  m_TargetTexture: {fileID: 0}
  m_TargetDisplay: 0
  m_TargetEye: 3
  m_HDR: 0
  m_OcclusionCulling: 1
  m_StereoConvergence: 10
  m_StereoSeparation: 0.022
  m_StereoMirrorMode: 0
--- !u!4 &912999962
Transform:
  m_ObjectHideFlags: 0
  m_PrefabParentObject: {fileID: 0}
  m_PrefabInternal: {fileID: 0}
  m_GameObject: {fileID: 912999957}
  m_LocalRotation: {x: 0, y: 0, z: 0, w: 1}
  m_LocalPosition: {x: 0, y: 0, z: -10}
  m_LocalScale: {x: 1, y: 1, z: 1}
  m_LocalEulerAnglesHint: {x: 0, y: 0, z: 0}
  m_Children: []
  m_Father: {fileID: 0}
  m_RootOrder: 1
--- !u!114 &912999963
MonoBehaviour:
  m_ObjectHideFlags: 0
  m_PrefabParentObject: {fileID: 0}
  m_PrefabInternal: {fileID: 0}
  m_GameObject: {fileID: 912999957}
  m_Enabled: 1
  m_EditorHideFlags: 0
  m_Script: {fileID: 11500000, guid: 25904b43e94ac054bb439eae7f93b4a4, type: 3}
  m_Name: 
  m_EditorClassIdentifier: 
  Width: 0
  Height: 0
--- !u!1 &1038618957
GameObject:
  m_ObjectHideFlags: 0
  m_PrefabParentObject: {fileID: 0}
  m_PrefabInternal: {fileID: 0}
  serializedVersion: 4
  m_Component:
  - 4: {fileID: 1038618958}
  - 114: {fileID: 1038618959}
  m_Layer: 0
  m_Name: InputManager
  m_TagString: Untagged
  m_Icon: {fileID: 0}
  m_NavMeshLayer: 0
  m_StaticEditorFlags: 0
  m_IsActive: 1
--- !u!4 &1038618958
Transform:
  m_ObjectHideFlags: 0
  m_PrefabParentObject: {fileID: 0}
  m_PrefabInternal: {fileID: 0}
  m_GameObject: {fileID: 1038618957}
  m_LocalRotation: {x: 0, y: 0, z: 0, w: 1}
  m_LocalPosition: {x: 0, y: 0, z: 0}
  m_LocalScale: {x: 1, y: 1, z: 1}
  m_LocalEulerAnglesHint: {x: 0, y: 0, z: 0}
  m_Children: []
  m_Father: {fileID: 0}
  m_RootOrder: 3
--- !u!114 &1038618959
MonoBehaviour:
  m_ObjectHideFlags: 0
  m_PrefabParentObject: {fileID: 0}
  m_PrefabInternal: {fileID: 0}
  m_GameObject: {fileID: 1038618957}
  m_Enabled: 1
  m_EditorHideFlags: 0
  m_Script: {fileID: 11500000, guid: 0778a87457c48434a8f1b683038f44df, type: 3}
  m_Name: 
  m_EditorClassIdentifier: 
--- !u!1001 &1068452708
Prefab:
  m_ObjectHideFlags: 0
  serializedVersion: 2
  m_Modification:
    m_TransformParent: {fileID: 0}
    m_Modifications:
    - target: {fileID: 474090, guid: 184e7479ee080014bb1f88e08819d5f3, type: 2}
      propertyPath: m_LocalPosition.x
      value: 0
      objectReference: {fileID: 0}
    - target: {fileID: 474090, guid: 184e7479ee080014bb1f88e08819d5f3, type: 2}
      propertyPath: m_LocalPosition.y
      value: 0
      objectReference: {fileID: 0}
    - target: {fileID: 474090, guid: 184e7479ee080014bb1f88e08819d5f3, type: 2}
      propertyPath: m_LocalPosition.z
      value: 0
      objectReference: {fileID: 0}
    - target: {fileID: 474090, guid: 184e7479ee080014bb1f88e08819d5f3, type: 2}
      propertyPath: m_LocalRotation.x
      value: 0
      objectReference: {fileID: 0}
    - target: {fileID: 474090, guid: 184e7479ee080014bb1f88e08819d5f3, type: 2}
      propertyPath: m_LocalRotation.y
      value: 0
      objectReference: {fileID: 0}
    - target: {fileID: 474090, guid: 184e7479ee080014bb1f88e08819d5f3, type: 2}
      propertyPath: m_LocalRotation.z
      value: 0
      objectReference: {fileID: 0}
    - target: {fileID: 474090, guid: 184e7479ee080014bb1f88e08819d5f3, type: 2}
      propertyPath: m_LocalRotation.w
      value: 1
      objectReference: {fileID: 0}
    - target: {fileID: 474090, guid: 184e7479ee080014bb1f88e08819d5f3, type: 2}
      propertyPath: m_RootOrder
      value: 6
      objectReference: {fileID: 0}
    m_RemovedComponents: []
  m_ParentPrefab: {fileID: 100100000, guid: 184e7479ee080014bb1f88e08819d5f3, type: 2}
  m_IsPrefabParent: 0
--- !u!1001 &1123411879
Prefab:
  m_ObjectHideFlags: 0
  serializedVersion: 2
  m_Modification:
    m_TransformParent: {fileID: 0}
    m_Modifications:
    - target: {fileID: 471532, guid: 32d02a161a23786478fb6d3f0291361b, type: 2}
      propertyPath: m_LocalPosition.x
      value: 0
      objectReference: {fileID: 0}
    - target: {fileID: 471532, guid: 32d02a161a23786478fb6d3f0291361b, type: 2}
      propertyPath: m_LocalPosition.y
      value: 0
      objectReference: {fileID: 0}
    - target: {fileID: 471532, guid: 32d02a161a23786478fb6d3f0291361b, type: 2}
      propertyPath: m_LocalPosition.z
      value: 0
      objectReference: {fileID: 0}
    - target: {fileID: 471532, guid: 32d02a161a23786478fb6d3f0291361b, type: 2}
      propertyPath: m_LocalRotation.x
      value: 0
      objectReference: {fileID: 0}
    - target: {fileID: 471532, guid: 32d02a161a23786478fb6d3f0291361b, type: 2}
      propertyPath: m_LocalRotation.y
      value: 0
      objectReference: {fileID: 0}
    - target: {fileID: 471532, guid: 32d02a161a23786478fb6d3f0291361b, type: 2}
      propertyPath: m_LocalRotation.z
      value: 0
      objectReference: {fileID: 0}
    - target: {fileID: 471532, guid: 32d02a161a23786478fb6d3f0291361b, type: 2}
      propertyPath: m_LocalRotation.w
      value: 1
      objectReference: {fileID: 0}
    - target: {fileID: 471532, guid: 32d02a161a23786478fb6d3f0291361b, type: 2}
      propertyPath: m_RootOrder
      value: 7
      objectReference: {fileID: 0}
    m_RemovedComponents: []
  m_ParentPrefab: {fileID: 100100000, guid: 32d02a161a23786478fb6d3f0291361b, type: 2}
  m_IsPrefabParent: 0
--- !u!1001 &1278805768
Prefab:
  m_ObjectHideFlags: 0
  serializedVersion: 2
  m_Modification:
    m_TransformParent: {fileID: 0}
    m_Modifications:
    - target: {fileID: 451716, guid: 47de425f1f5388b4abc6374c2ed0a9af, type: 2}
      propertyPath: m_LocalPosition.x
      value: 0
      objectReference: {fileID: 0}
    - target: {fileID: 451716, guid: 47de425f1f5388b4abc6374c2ed0a9af, type: 2}
      propertyPath: m_LocalPosition.y
      value: 0
      objectReference: {fileID: 0}
    - target: {fileID: 451716, guid: 47de425f1f5388b4abc6374c2ed0a9af, type: 2}
      propertyPath: m_LocalPosition.z
      value: 0
      objectReference: {fileID: 0}
    - target: {fileID: 451716, guid: 47de425f1f5388b4abc6374c2ed0a9af, type: 2}
      propertyPath: m_LocalRotation.x
      value: 0
      objectReference: {fileID: 0}
    - target: {fileID: 451716, guid: 47de425f1f5388b4abc6374c2ed0a9af, type: 2}
      propertyPath: m_LocalRotation.y
      value: 0
      objectReference: {fileID: 0}
    - target: {fileID: 451716, guid: 47de425f1f5388b4abc6374c2ed0a9af, type: 2}
      propertyPath: m_LocalRotation.z
      value: 0
      objectReference: {fileID: 0}
    - target: {fileID: 451716, guid: 47de425f1f5388b4abc6374c2ed0a9af, type: 2}
      propertyPath: m_LocalRotation.w
      value: 1
      objectReference: {fileID: 0}
    - target: {fileID: 451716, guid: 47de425f1f5388b4abc6374c2ed0a9af, type: 2}
      propertyPath: m_RootOrder
      value: 4
      objectReference: {fileID: 0}
    - target: {fileID: 11429430, guid: 47de425f1f5388b4abc6374c2ed0a9af, type: 2}
      propertyPath: m_OnClick.m_PersistentCalls.m_Calls.Array.data[0].m_Target
      value: 
      objectReference: {fileID: 1038618959}
    - target: {fileID: 22421006, guid: 47de425f1f5388b4abc6374c2ed0a9af, type: 2}
      propertyPath: m_AnchorMin.y
      value: 1
      objectReference: {fileID: 0}
    - target: {fileID: 22421006, guid: 47de425f1f5388b4abc6374c2ed0a9af, type: 2}
      propertyPath: m_AnchorMax.y
      value: 1
      objectReference: {fileID: 0}
    - target: {fileID: 22421006, guid: 47de425f1f5388b4abc6374c2ed0a9af, type: 2}
      propertyPath: m_AnchoredPosition.x
      value: 85
      objectReference: {fileID: 0}
    - target: {fileID: 22421006, guid: 47de425f1f5388b4abc6374c2ed0a9af, type: 2}
      propertyPath: m_AnchoredPosition.y
      value: -21
      objectReference: {fileID: 0}
    - target: {fileID: 22421006, guid: 47de425f1f5388b4abc6374c2ed0a9af, type: 2}
      propertyPath: m_SizeDelta.x
      value: 170
      objectReference: {fileID: 0}
    - target: {fileID: 22421006, guid: 47de425f1f5388b4abc6374c2ed0a9af, type: 2}
      propertyPath: m_SizeDelta.y
      value: 42
      objectReference: {fileID: 0}
    - target: {fileID: 22410042, guid: 47de425f1f5388b4abc6374c2ed0a9af, type: 2}
      propertyPath: m_AnchorMin.y
      value: 1
      objectReference: {fileID: 0}
    - target: {fileID: 22410042, guid: 47de425f1f5388b4abc6374c2ed0a9af, type: 2}
      propertyPath: m_AnchorMax.y
      value: 1
      objectReference: {fileID: 0}
    - target: {fileID: 22410042, guid: 47de425f1f5388b4abc6374c2ed0a9af, type: 2}
      propertyPath: m_AnchoredPosition.x
      value: 260
      objectReference: {fileID: 0}
    - target: {fileID: 22410042, guid: 47de425f1f5388b4abc6374c2ed0a9af, type: 2}
      propertyPath: m_AnchoredPosition.y
      value: -21
      objectReference: {fileID: 0}
    - target: {fileID: 22410042, guid: 47de425f1f5388b4abc6374c2ed0a9af, type: 2}
      propertyPath: m_SizeDelta.x
      value: 170
      objectReference: {fileID: 0}
    - target: {fileID: 22410042, guid: 47de425f1f5388b4abc6374c2ed0a9af, type: 2}
      propertyPath: m_SizeDelta.y
      value: 42
      objectReference: {fileID: 0}
    - target: {fileID: 22493566, guid: 47de425f1f5388b4abc6374c2ed0a9af, type: 2}
      propertyPath: m_AnchorMin.y
      value: 1
      objectReference: {fileID: 0}
    - target: {fileID: 22493566, guid: 47de425f1f5388b4abc6374c2ed0a9af, type: 2}
      propertyPath: m_AnchorMax.y
      value: 1
      objectReference: {fileID: 0}
    - target: {fileID: 22493566, guid: 47de425f1f5388b4abc6374c2ed0a9af, type: 2}
      propertyPath: m_AnchoredPosition.x
      value: 435
      objectReference: {fileID: 0}
    - target: {fileID: 22493566, guid: 47de425f1f5388b4abc6374c2ed0a9af, type: 2}
      propertyPath: m_AnchoredPosition.y
      value: -21
      objectReference: {fileID: 0}
    - target: {fileID: 22493566, guid: 47de425f1f5388b4abc6374c2ed0a9af, type: 2}
      propertyPath: m_SizeDelta.x
      value: 170
      objectReference: {fileID: 0}
    - target: {fileID: 22493566, guid: 47de425f1f5388b4abc6374c2ed0a9af, type: 2}
      propertyPath: m_SizeDelta.y
      value: 42
      objectReference: {fileID: 0}
    - target: {fileID: 22416416, guid: 47de425f1f5388b4abc6374c2ed0a9af, type: 2}
      propertyPath: m_AnchorMin.y
      value: 1
      objectReference: {fileID: 0}
    - target: {fileID: 22416416, guid: 47de425f1f5388b4abc6374c2ed0a9af, type: 2}
      propertyPath: m_AnchorMax.y
      value: 1
      objectReference: {fileID: 0}
    - target: {fileID: 22416416, guid: 47de425f1f5388b4abc6374c2ed0a9af, type: 2}
      propertyPath: m_AnchoredPosition.x
      value: 135
      objectReference: {fileID: 0}
    - target: {fileID: 22416416, guid: 47de425f1f5388b4abc6374c2ed0a9af, type: 2}
      propertyPath: m_AnchoredPosition.y
      value: -37.5
      objectReference: {fileID: 0}
    - target: {fileID: 22416416, guid: 47de425f1f5388b4abc6374c2ed0a9af, type: 2}
      propertyPath: m_SizeDelta.x
      value: 270
      objectReference: {fileID: 0}
    - target: {fileID: 22416416, guid: 47de425f1f5388b4abc6374c2ed0a9af, type: 2}
      propertyPath: m_SizeDelta.y
      value: 75
      objectReference: {fileID: 0}
    - target: {fileID: 22441140, guid: 47de425f1f5388b4abc6374c2ed0a9af, type: 2}
      propertyPath: m_AnchorMin.y
      value: 1
      objectReference: {fileID: 0}
    - target: {fileID: 22441140, guid: 47de425f1f5388b4abc6374c2ed0a9af, type: 2}
      propertyPath: m_AnchorMax.y
      value: 1
      objectReference: {fileID: 0}
    - target: {fileID: 22441140, guid: 47de425f1f5388b4abc6374c2ed0a9af, type: 2}
      propertyPath: m_AnchoredPosition.x
      value: 630
      objectReference: {fileID: 0}
    - target: {fileID: 22441140, guid: 47de425f1f5388b4abc6374c2ed0a9af, type: 2}
      propertyPath: m_AnchoredPosition.y
      value: -37.5
      objectReference: {fileID: 0}
    - target: {fileID: 22441140, guid: 47de425f1f5388b4abc6374c2ed0a9af, type: 2}
      propertyPath: m_SizeDelta.x
      value: 360
      objectReference: {fileID: 0}
    - target: {fileID: 22441140, guid: 47de425f1f5388b4abc6374c2ed0a9af, type: 2}
      propertyPath: m_SizeDelta.y
      value: 75
      objectReference: {fileID: 0}
    - target: {fileID: 22499396, guid: 47de425f1f5388b4abc6374c2ed0a9af, type: 2}
      propertyPath: m_AnchorMin.y
      value: 1
      objectReference: {fileID: 0}
    - target: {fileID: 22499396, guid: 47de425f1f5388b4abc6374c2ed0a9af, type: 2}
      propertyPath: m_AnchorMax.y
      value: 1
      objectReference: {fileID: 0}
    - target: {fileID: 22499396, guid: 47de425f1f5388b4abc6374c2ed0a9af, type: 2}
      propertyPath: m_AnchoredPosition.x
      value: 742.5
      objectReference: {fileID: 0}
    - target: {fileID: 22499396, guid: 47de425f1f5388b4abc6374c2ed0a9af, type: 2}
      propertyPath: m_AnchoredPosition.y
      value: -37.5
      objectReference: {fileID: 0}
    - target: {fileID: 22499396, guid: 47de425f1f5388b4abc6374c2ed0a9af, type: 2}
      propertyPath: m_SizeDelta.x
      value: 225
      objectReference: {fileID: 0}
    - target: {fileID: 22499396, guid: 47de425f1f5388b4abc6374c2ed0a9af, type: 2}
      propertyPath: m_SizeDelta.y
      value: 75
      objectReference: {fileID: 0}
    - target: {fileID: 22450130, guid: 47de425f1f5388b4abc6374c2ed0a9af, type: 2}
      propertyPath: m_AnchorMin.y
      value: 1
      objectReference: {fileID: 0}
    - target: {fileID: 22450130, guid: 47de425f1f5388b4abc6374c2ed0a9af, type: 2}
      propertyPath: m_AnchorMax.y
      value: 1
      objectReference: {fileID: 0}
    - target: {fileID: 22450130, guid: 47de425f1f5388b4abc6374c2ed0a9af, type: 2}
      propertyPath: m_AnchoredPosition.x
      value: 855
      objectReference: {fileID: 0}
    - target: {fileID: 22450130, guid: 47de425f1f5388b4abc6374c2ed0a9af, type: 2}
      propertyPath: m_AnchoredPosition.y
      value: -37.5
      objectReference: {fileID: 0}
    - target: {fileID: 22450130, guid: 47de425f1f5388b4abc6374c2ed0a9af, type: 2}
      propertyPath: m_SizeDelta.x
      value: 180
      objectReference: {fileID: 0}
    - target: {fileID: 22450130, guid: 47de425f1f5388b4abc6374c2ed0a9af, type: 2}
      propertyPath: m_SizeDelta.y
      value: 75
      objectReference: {fileID: 0}
    - target: {fileID: 22489334, guid: 47de425f1f5388b4abc6374c2ed0a9af, type: 2}
      propertyPath: m_AnchorMin.y
      value: 1
      objectReference: {fileID: 0}
    - target: {fileID: 22489334, guid: 47de425f1f5388b4abc6374c2ed0a9af, type: 2}
      propertyPath: m_AnchorMax.y
      value: 1
      objectReference: {fileID: 0}
    - target: {fileID: 22489334, guid: 47de425f1f5388b4abc6374c2ed0a9af, type: 2}
      propertyPath: m_AnchoredPosition.x
      value: 1035
      objectReference: {fileID: 0}
    - target: {fileID: 22489334, guid: 47de425f1f5388b4abc6374c2ed0a9af, type: 2}
      propertyPath: m_AnchoredPosition.y
      value: -37.5
      objectReference: {fileID: 0}
    - target: {fileID: 22489334, guid: 47de425f1f5388b4abc6374c2ed0a9af, type: 2}
      propertyPath: m_SizeDelta.x
      value: 175
      objectReference: {fileID: 0}
    - target: {fileID: 22489334, guid: 47de425f1f5388b4abc6374c2ed0a9af, type: 2}
      propertyPath: m_SizeDelta.y
      value: 75
      objectReference: {fileID: 0}
    m_RemovedComponents: []
  m_ParentPrefab: {fileID: 100100000, guid: 47de425f1f5388b4abc6374c2ed0a9af, type: 2}
  m_IsPrefabParent: 0
--- !u!1 &1378051461
GameObject:
  m_ObjectHideFlags: 0
  m_PrefabParentObject: {fileID: 0}
  m_PrefabInternal: {fileID: 0}
  serializedVersion: 4
  m_Component:
  - 4: {fileID: 1378051463}
  - 212: {fileID: 1378051462}
  m_Layer: 0
  m_Name: BackgroundImage
  m_TagString: Untagged
  m_Icon: {fileID: 0}
  m_NavMeshLayer: 0
  m_StaticEditorFlags: 0
  m_IsActive: 1
--- !u!212 &1378051462
SpriteRenderer:
  m_ObjectHideFlags: 0
  m_PrefabParentObject: {fileID: 0}
  m_PrefabInternal: {fileID: 0}
  m_GameObject: {fileID: 1378051461}
  m_Enabled: 1
  m_CastShadows: 0
  m_ReceiveShadows: 0
  m_Materials:
  - {fileID: 10754, guid: 0000000000000000e000000000000000, type: 0}
  m_SubsetIndices: 
  m_StaticBatchRoot: {fileID: 0}
  m_UseLightProbes: 1
  m_ReflectionProbeUsage: 1
  m_ProbeAnchor: {fileID: 0}
  m_ScaleInLightmap: 1
  m_PreserveUVs: 0
  m_IgnoreNormalsForChartDetection: 0
  m_ImportantGI: 0
  m_MinimumChartSize: 4
  m_AutoUVMaxDistance: 0.5
  m_AutoUVMaxAngle: 89
  m_LightmapParameters: {fileID: 0}
  m_SortingLayerID: 2124953967
  m_SortingOrder: 0
  m_Sprite: {fileID: 21300000, guid: 4f1bdd306509a7643b1e939941d7d716, type: 3}
  m_Color: {r: 1, g: 1, b: 1, a: 1}
  m_FlipX: 0
  m_FlipY: 0
--- !u!4 &1378051463
Transform:
  m_ObjectHideFlags: 0
  m_PrefabParentObject: {fileID: 0}
  m_PrefabInternal: {fileID: 0}
  m_GameObject: {fileID: 1378051461}
  m_LocalRotation: {x: 0, y: 0, z: 0, w: 1}
  m_LocalPosition: {x: 0, y: 0, z: 0}
  m_LocalScale: {x: 1.25, y: 0.9375, z: 1}
  m_LocalEulerAnglesHint: {x: 0, y: 0, z: 0}
  m_Children: []
  m_Father: {fileID: 0}
  m_RootOrder: 0
